@online{latex_symbols_2017,
	author = {Pakin, Scott},
	title = {The Comprehensive Latex Symbol List},
	year = 2017,
	url = {http://mirrors.ctan.org/info/symbols/comprehensive/symbols-a4.pdf},
	urldate = {2017-11-24}
}

@online{Marco,
	author = {Bonzanini, Marco},
	title = {Mastering Social Media Mining with Python},
	year = 2016,
	url = {http://ebook.pldworld.com/_eBook/-Packt%20Publishing%20Limited-/9781783552016-MASTERING_SOCIAL_MEDIA_MINING_WITH_PYTHON.pdf},

}

@online{TwitterDevDocs,
author = {Twitter Inc.},
	title = {Twitter Developer Platform — Twitter Developers},
	url = {https://developer.twitter.com/en/docs},

}

@inproceedings{Goergen:2014:STA:2670386.2670392,
 author = {Goergen, David and Migliosi, Angelo and Gurbani, Vijay K. and State, Radu and Engel, Thomas},
 title = {Spatial and Temporal Analysis of Twitter: A Tale of Two Countries},
 booktitle = {Proceedings of the Conference on Principles, Systems and Applications of IP Telecommunications},
 series = {IPTComm '14},
 year = {2014},
 isbn = {978-1-4503-2124-2},
 location = {Chicago, Illinois},
 pages = {5:1--5:6},
 articleno = {5},
 numpages = {6},
 url = {http://doi.acm.org/10.1145/2670386.2670392},
 doi = {10.1145/2670386.2670392},
 acmid = {2670392},
 publisher = {ACM},
 address = {New York, NY, USA},
 keywords = {Twitter},
} 



@inproceedings{Hübl,
 author = {Hübl, F.; Cvetojevic, S.; Hochmair, H.; Paulus, G},
 title = {Analyzing Refugee Migration Patterns Using Geo-tagged Tweets.},
 year = {2017},
 articleno = {6(10):302},
 publisher = {ISPRS International Journal of Geo-Information},
 
}



@inproceedings{Cortis:2015:ACT:2809563.2809605,
 author = {Cortis, Keith and Handschuh, Siegfried},
 title = {Analysis of Cyberbullying Tweets in Trending World Events},
 booktitle = {Proceedings of the 15th International Conference on Knowledge Technologies and Data-driven Business},
 series = {i-KNOW '15},
 year = {2015},
 isbn = {978-1-4503-3721-2},
 location = {Graz, Austria},
 pages = {7:1--7:8},
 articleno = {7},
 numpages = {8},
 url = {http://doi.acm.org/10.1145/2809563.2809605},
 doi = {10.1145/2809563.2809605},
 acmid = {2809605},
 publisher = {ACM},
 address = {New York, NY, USA},
 keywords = {cyberbullying, hashtags, named entities, online posts, social networks, trending world events, tweets, web mining},
} 

@inproceedings{Jamie,
 author = {Jamie Bartlett, Richard Norrie },
 title = {immigration on twitter
understanding public
attitudes online},
 year = {2015},
 publisher = {Demos},
 
}

@article{DBLP:journals/corr/abs-1103-2903,
  author    = {Finn {\AA}rup Nielsen},
  title     = {A new {ANEW:} Evaluation of a word list for sentiment analysis in
               microblogs},
  journal   = {CoRR},
  volume    = {abs/1103.2903},
  year      = {2011},
  url       = {http://arxiv.org/abs/1103.2903},
  archivePrefix = {arXiv},
  eprint    = {1103.2903},
  timestamp = {Mon, 13 Aug 2018 16:46:49 +0200},
  biburl    = {https://dblp.org/rec/bib/journals/corr/abs-1103-2903},
  bibsource = {dblp computer science bibliography, https://dblp.org}
}

